@article{Fick2017,
  author = {Fick, S. E. and Hijmans, R. J.},
  title = {WorldClim 2: {New} 1‚Äêkm spatial resolution climate surfaces for global land areas},
  year = 2017,
  journal = {International Journal of Climatology},
  volume = {37},
  number = {12},
  pages = {4302--4315},
  DOI = {10.1002/joc.5086}
}

@book{Legendre1998,
  author = {Legendre, P. and Legendre, L.},
  title = {Numerical Ecology, 2nd edition},
  year = 1998,
  publisher = {Elsevier},
  address = {Amsterdam, Netherlands}
}

@article{Chevan1991,
  author = {Chevan, A. and Sutherland, M.},
  title = {Hierarchical partitioning},
  year = 1991,
  journal = {The American Statistician},
  volume = {45},
  number = {2},
  pages = {90-96},
  DOI = {10.1080/00031305.1991.10475776}
}

@article{MacNally2002,
  doi = {10.1023/a:1016250716679},
  year = 2002,
  volume = {11},
  number = {8},
  pages = {1397--1401},
  author = {Mac Nally, R.},
  journal = {Biodiversity and Conservation}
}
@article{Adole2018a,
  doi = {10.1111/gcb.14310},
  year = 2018,
  volume = {24},
  number = {9},
  pages = {4054--4068},
  author = {Adole, T. and Dash, J. and Atkinson, P. M.},
  title = {Large-scale prerain vegetation green-up across Africa},
  journal = {Global Change Biology}
}
@article{Adole2018b,
  doi = {10.1016/j.apgeog.2017.12.006},
  year = 2018,
  volume = {90},
  pages = {187--199},
  author = {Adole, T. and Dash, J. and Atkinson, P. M.},
  title = {Characterising the land surface phenology of Africa using 500~m {MODIS} {EVI}},
  journal = {Applied Geography}
}
@article{Adole2019,
	doi = {10.1038/s42003-019-0636-7},
	year = 2019,
	volume = {2},
	number = {1},
	author = {Tracy Adole and Jadunandan Dash and Victor Rodriguez-Galiano and Peter M. Atkinson},
	title = {Photoperiod controls vegetation phenology across Africa},
	journal = {Communications Biology}
}

@article{Pelletier2018,
  author = {Pelletier, J. and Paquette, A. and Mbindo, K. and Zimba, N. and Siampale, A. and Chendauka, B. and Siangulube, F. and Roberts, J. W.},
  title = {Carbon sink despite large deforestation in {African} tropical dry forests (miombo woodlands)},
  year = 2018,
  journal = {Environmental Research Letters},
  volume = {13},
  pages = {094017},
  FILE = {~/Documents/papers/pelletier_2018.pdf},
  DOI = {10.1088/1748-9326/aadc9a}
}

@manual{Mukosha2009,
  title={Integrated land use assessment Zambia 2005--2008},
  author={Mukosha, J. and Siampale, A.},
  publisher={Ministry of Tourism, Environment and Natural Resources, Forestry Department, and Food and Agriculture Organization of the United Nations},
  address = {Lusaka, Zambia},
  year={2009}
}

@article{Parr2014,
  author = {Parr, C. L. and Lehmann, C. E. R. and Bond, W. J. and Hoffmann, W. A. and Andersen, A. N.},
  title = {Tropical grassy biomes: Misunderstood, neglected, and under threat},
  year = 2014,
  journal = {Trends in Ecology and Evolution},
  volume = {29},
  pages = {205--213},
  FILE = {~/Documents/papers/parr_2014.pdf},
  DOI = {10.1016/j.tree.2014.02.004}
}

@dataset{VIPPHEN,
  author = {Didan, L. and Barreto, A.},
  title = {{NASA MEaSUREs Vegetation Index and Phenology (VIP) Phenology EVI2 Yearly Global 0.05Deg CMG [Data set]}},
  year = {2016},
  doi = {10.5067/MEaSUREs/VIP/VIPPHEN_EVI2.004},
  publisher = {NASA EOSDIS Land Processes DAAC},
  urldate = {2020-08-05}
}

@dataset{MOD13Q1,
  author = {Didan, L.},
  title = {{MOD13Q1 MODIS/Terra Vegetation Indices 16-Day L3 Global 250m SIN Grid V006 [Data set]}},
  year = {2015},
  doi = {10.5067/MODIS/MOD13Q1.006},
  publisher = {NASA EOSDIS Land Processes DAAC},
  urldate = {2020-08-05}
}

@dataset{MCD12Q1,
  author = {Friedl, M. and Sulla-Menashe, D.},
  title = {{MCD12Q1 MODIS/Terra+Aqua Land Cover Type Yearly L3 Global 500m SIN Grid V006 [Data set]}},
  year = {2019},
  doi = {10.5067/MODIS/MCD12Q1.006},
  publisher = {NASA EOSDIS Land Processes DAAC},
  urldate = {2021-07-23}
}

@misc{MCD12Q2,
  doi = {10.5067/MODIS/MCD12Q2.061},
  author = {Friedl, Mark and Gray, Josh and Sulla-Menashe, Damien},
  title = {MODIS/Terra+Aqua Land Cover Dynamics Yearly L3 Global 500m SIN Grid V061},
  publisher = {NASA EOSDIS Land Processes DAAC},
  year = {2022},
  urldate = {2023-03-01},
}

@dataset{IMERG,
  author = {Huffman, G. J. and Stocker, E. F. and Bolvin, D.T. and Nelkin, E. J. and Jackson Tan},
  title = {{GPM IMERG Final Precipitation L3 1 day 0.1 degree x 0.1 degree V06 [Data set]}},
  year = {2015},
  doi = {10.5067/MODIS/MOD13Q1.006},
  publisher = {Goddard Earth Sciences Data and Information Services Center (GES DISC)},
  urldate = {2020-10-30}
}

@Manual{R2020,
  title = {R: A Language and Environment for Statistical Computing},
  author = {{R Core Team}},
  organization = {R Foundation for Statistical Computing},
  address = {Vienna, Austria},
  year = {2020},
  url = {https://www.R-project.org/},
}

@article{White2009,
  doi = {10.1111/j.1365-2486.2009.01910.x},
  year = 2009,
  volume = {15},
  number = {10},
  pages = {2335--2359},
  author = {White, M. A. and de Beurs, K. M. and Didan, K. and Inouye, D. W. and Richardson, A. D. and Jensen, O. P. and O'Keefe, J. and Zhang, G. and Nemani, R. R. and Van Leeuwen, W. J. D. and Brown, J. F. and de Wit, A. and Schaepman, M. and Lin, X. and Dettinger, M. and Bailey, A. S. and Kimball, J. and Schwartz, M. D. and Baldocchi, D. D. and Lee, J. T. and Lauenroth, W. K.},
  title = {Intercomparison, interpretation, and assessment of spring phenology in North America estimated from remote sensing for 1982-2006},
  journal = {Global Change Biology}
}

@article{Kreft2010,
  doi = {10.1111/j.1365-2699.2010.02375.x},
  year = 2010,
  volume = {37},
  number = {11},
  pages = {2029--2053},
  author = {Holger Kreft and Walter Jetz},
  title = {A framework for delineating biogeographical regions based on species distributions},
  journal = {Journal of Biogeography}
}

@article{Fayolle2014,
  doi = {10.1111/jbi.12382},
  year = 2014,
  volume = {41},
  number = {12},
  pages = {2320--2331},
  author = {Fayolle, A. and Swaine, M. D. and Bastin, J. and Bourland, N. and Comiskey, J. A. and Dauby, G. and Doucet, J. and Gillet, J. and Gourlet-Fleury, S. and Hardy, O. J. and Kirunda, B. and Kouam\'{e}, F. N. and Plumptre, A. J.},
  title = {Patterns of tree species composition across tropical African forests},
  journal = {Journal of Biogeography}
}

@article{Murtagh2014,
  doi = {10.1007/s00357-014-9161-z},
  year = 2014,
  volume = {31},
  number = {3},
  pages = {274--295},
  author = {Murtagh, F. and Legendre, P.},
  title = {Ward's hierarchical agglomerative clustering nethod: Which algorithms implement Ward's criterion?},
  journal = {Journal of Classification}
}

@article{Rousseeuw1987,
  doi = {10.1016/0377-0427(87)90125-7},
  year = 1987,
  volume = {20},
  pages = {53--65},
  author = {Rousseeuw, P. J.},
  title = {Silhouettes: A graphical aid to the interpretation and validation of cluster analysis},
  journal = {Journal of Computational and Applied Mathematics}
}

@article{Dufrene1997,
  author = {Dufr{\^e}ne, M. and Legendre, P.},
  title = {Species assemblage and indicator species: The need for a flexible asymmetrical approach},
  year = 1997,
  journal = {Ecological Monographs},
  volume = {67},
  pages = {345--366},
  DOI = {10.1890/0012-9615(1997)067[0345:SAAIST]2.0.CO;2}
}

@article{Smith1996,
  author = {Smith, B. and Wilson, J. B.},
  title = {A consumer's guide to evenness indices},
  year = 1996,
  journal = {Oikos},
  volume = {76},
  pages = {70--82},
  FILE = {~/Documents/papers/smith_1996.pdf},
  DOI = {10.2307/3545749}
}

@article{ggeffects,
  title = {ggeffects: Tidy data frames of marginal effects from regression models.},
  volume = {3},
  doi = {10.21105/joss.00772},
  number = {26},
  journal = {Journal of Open Source Software},
  author = {L\"{u}decke, D.},
  year = {2018},
  pages = {772},
}

@article{Chidumayo2001,
  doi = {10.2307/3236848},
  year = 2001,
  volume = {12},
  number = {3},
  pages = {347},
  author = {Chidumayo, E. N.},
  title = {Climate and phenology of savanna vegetation in southern Africa},
  journal = {Journal of Vegetation Science}
}

@article{Dinerstein2017,
  doi = {10.1093/biosci/bix014},
  year = 2017,
  publisher = {Oxford University Press ({OUP})},
  volume = {67},
  number = {6},
  pages = {534--545},
  author = {Dinerstein, E. and Olson, D. and Joshi, A. and Vynne, C. and Burgess, N. D. and Wikramanayake, E. and Hahn, N. and Palminteri, S. and Hedao, P. and Noss, R. and Hansen, M. and Locke, H. and Ellis, E. C. and Jones, B. and Barber, C. V. and Hayes, R. and Kormos, C. and Martin, V. and Crist, E. and Sechrest, W. and Price, L. and Baillie, J. E. M. and Weeden, D. and Suckling, K. and Davis, C. and Sizer, N. and Moore, R. and Thau, D. and Birch, T. and Potapov, P. and Turubanova, S. and Tyukavina, A. and de Souza, N. and Pintea, L. and Brito, J. C. and Llewellyn, O. A. and Miller, A. G. and Patzelt, A. and Ghazanfar, S. A. and Timberlake, J. and Kl\"{o}ser, H. and Shennan-Farp\'{o}n, Y. and Kindt, R. and Lilles{\o}, J. B. and van Breugel, P. and Graudal, L. and Voge, M. and Al-Shammari, K. F. and Saleem, M.},
  title = {An ecoregion-based approach to protecting half the terrestrial realm},
  journal = {{BioScience}}
}

@article{Cho2017,
  doi = {10.3390/rs9070689},
  year = 2017,
  volume = {9},
  number = {7},
  pages = {689},
  author = {Cho, M. A. and Ramoelo, A. and Dziba, L.},
  title = {Response of land surface phenology to variation in tree cover during green-up and senescence periods in the semi-arid savanna of southern Africa},
  journal = {Remote Sensing}
}

@article{Wilsey2005,
  doi = {10.1890/04-0394},
  year = 2005,
  volume = {86},
  number = {5},
  pages = {1178--1184},
  author = {Wilsey, B. J. and Chalcraft, D. R. and Bowles, C. M. and Willig, M. R.},
  Title = {Relationships among indices suggest that richness is an incomplete surrogate for grassland biodiversity},
  journal = {Ecology}
}

@article{Hillebrand2008,
  doi = {10.1890/07-1053.1},
  year = 2008,
  volume = {89},
  number = {6},
  pages = {1510--1520},
  author = {Hillebrand, H. and Bennett, D. M. and Cadotte, M. W.},
  title = {Consequences of dominance: A review of evenness effects on local and regional ecosystem processes},
  journal = {Ecology}
}

@incollection{Gu2003,
  doi = {10.1007/978-94-007-0632-3_29},
  year = 2003,
  pages = {467--485},
  author = {Gu, L. and Post, W. M. and Baldocchi, D. and Black, T. A. and Verma, S. B. and Vesala, T. and Wofsy, S. C.},
  title = {Phenology of vegetation photosynthesis},
  booktitle = {Phenology: An Integrative Environmental Science}
}

@article{Penuelas2009,
  doi = {10.1126/science.1173004},
  year = 2009,
  volume = {324},
  number = {5929},
  pages = {887--888},
  author = {Penuelas, J. and Rutishauser, T. and Filella, I.},
  title = {Phenology feedbacks on climate change},
  journal = {Science}
}

@article{Stevens2016,
  doi = {10.1111/gcb.13409},
  year = 2016,
  volume = {23},
  number = {1},
  pages = {235--244},
  author = {Stevens, N. and Lehmann, C. E. R. and Murphy, B. P. and Durigan, G.},
  title = {Savanna woody encroachment is widespread across three continents},
  journal = {Global Change Biology}
}

@article{Cole2015,
  doi = {10.1002/ece3.1745},
  year = 2015,
  volume = {5},
  number = {21},
  pages = {5057--5074},
  author = {Cole, E. F. and Long, P. R. and Zelazowski, P. and Szulkin, M. and Sheldon, B. C.},
  title = {Predicting bird phenology from space: Satellite-derived vegetation green-up signal uncovers spatial variation in phenological synchrony between birds and their environment},
  journal = {Ecology and Evolution}
}

@article{Araujo2017,
  doi = {10.1080/01584197.2016.1265430},
  year = 2017,
  volume = {117},
  number = {1},
  pages = {78--91},
  author = {de Araujo, H. F. P. and Vieira-Filho, A. H. and Barbosa, M. R. V. and Diniz-Filho, J. A. F. and da Silva, J. M. C.},
  title = {Passerine phenology in the largest tropical dry forest of South America: Effects of climate and resource availability},
  journal = {Emu - Austral Ornithology}
}

@article{Morellato2016,
  doi = {10.1016/j.biocon.2015.12.033},
  year = 2016,
  volume = {195},
  pages = {60--72},
  author = {Morellato, L. P. C. and Alberton, B. and Alvarado, S. T. and Borges, B. and Buisson, E. and Camargo, M. G. G. and Cancian, L. F. and Carstensen, D. W. and Escobar, D. F. E. and Leite, P. T. P. and Mendoza, I. and Rocha, N. M. W. B. and Soares, N. C. and Silva, T. S. F. and Staggemeier, V. G. and Streher, A. S. and Vargas, B. C. and Peres, C. A.},
  title = {Linking plant phenology to conservation biology},
  journal = {Biological Conservation}
}

@article{Ogutu2013,
  doi = {10.1071/wr13117},
  year = 2013,
  volume = {40},
  number = {8},
  pages = {698},
  author = {Ogutu, J. O. and Piepho, H. and Dublin, H. T.},
  title = {Responses of phenology, synchrony and fecundity of breeding by African ungulates to interannual variation in rainfall},
  journal = {Wildlife Research}
}

@article{Bale2002,
  doi = {10.1046/j.1365-2486.2002.00451.x},
  year = 2002,
  volume = {8},
  number = {1},
  pages = {1--16},
  author = {Bale, J. S. and Masters, G. J. and Hodkinson, I. D. and Awmack, C. and Bezemer, T. M. and Brown, V. K. and Butterfield, J. and Buse, A. and Coulson, J. C. and Farrar, J. and Good, J. E. G. and Harrington, R. and Hartley, S. and Jones, T. H. and Lindroth, R. L. and Press, M. C. and Symrnioudis, I. and Watt, A. D. and Whittaker, J. B.},
  title = {Herbivory in global climate change research: direct effects of rising temperature on insect herbivores},
  journal = {Global Change Biology}
}

@article{Jeganathan2014,
  doi = {10.1016/j.rse.2013.11.020},
  year = 2014,
  volume = {143},
  pages = {154--170},
  author = {Jeganathan, C. and Dash, J. and Atkinson, P. M.},
  title = {Remotely sensed trends in the phenology of northern high latitude terrestrial vegetation, controlling for land cover change and vegetation type},
  journal = {Remote Sensing of Environment}
}

@article{Fuller1999,
  doi = {10.1046/j.1365-2699.1999.00130.x},
  year = 1999,
  volume = {8},
  number = {3-4},
  pages = {199--209},
  author = {Fuller, D. O.},
  title = {Canopy phenology of some mopane and miombo woodlands in eastern Zambia},
  journal = {Global Ecology and Biogeography}
}

@article{Fenner1998,
  doi = {10.1078/1433-8319-00053},
  year = 1998,
  volume = {1},
  number = {1},
  pages = {78--91},
  author = {Fenner, M.},
  title = {The phenology of growth and reproduction in plants},
  journal = {Perspectives in Plant Ecology, Evolution and Systematics}
}

@article{Cole2017,
  doi = {10.1002/ece3.2718},
  year = 2017,
  volume = {7},
  number = {4},
  pages = {1135--1147},
  author = {Cole, E. F. and Sheldon, B. C.},
  title = {The shifting phenological landscape: Within- and between-species variation in leaf emergence in a mixed-deciduous woodland},
  journal = {Ecology and Evolution}
}

@article{Medina1994,
  doi = {10.1093/treephys/14.12.1367},
  year = 1994,
  volume = {14},
  number = {12},
  pages = {1367--1381},
  author = {Medina, E. and Francisco, M.},
  title = {Photosynthesis and water relations of savanna tree species differing in leaf phenology},
  journal = {Tree Physiology}
}

@article{Parmesan2007,
  doi = {10.1111/j.1365-2486.2007.01404.x},
  year = 2007,
  volume = {13},
  number = {9},
  pages = {1860--1872},
  author = {Parmesan, C.},
  title = {Influences of species, latitudes and methodologies on estimates of phenological response to global warming},
  journal = {Global Change Biology}
}

@article{Scheiter2013,
  doi = {10.1111/nph.12210},
  year = 2013,
  volume = {198},
  number = {3},
  pages = {957--969},
  author = {Scheiter, S. and Langan, L. and Higgins, S. I.},
  title = {Next-generation dynamic global vegetation models: Learning from community ecology},
  journal = {New Phytologist}
}

@article{Pavlick2013,
  doi = {10.5194/bg-10-4137-2013},
  year = 2013,
  volume = {10},
  number = {6},
  pages = {4137--4177},
  author = {Pavlick, R. and Drewry, D. T. and Bohn, K. and Reu, B. and Kleidon, A.},
  title = {The Jena Diversity-Dynamic Global Vegetation Model ({JeDi}-{DGVM}): A diverse approach to representing terrestrial biogeography and biogeochemistry based on plant functional trade-offs},
  journal = {Biogeosciences}
}

@article{Bloom2016,
  doi = {10.1073/pnas.1515160113},
  year = 2016,
  volume = {113},
  number = {5},
  pages = {1285--1290},
  author = {Bloom, A. A. and Exbrayat, J. and van der Velde, I. R. and Feng, L. and Williams, M.},
  title = {The decadal state of the terrestrial carbon cycle: Global retrievals of terrestrial carbon allocation, pools, and residence times},
  journal = {Proceedings of the National Academy of Sciences}
}

@article{Richardson2013,
  doi = {10.1016/j.agrformet.2012.09.012},
  year = 2013,
  volume = {169},
  pages = {156--173},
  author = {Richardson, A. D. and Keenan, T. F. and Migliavacca, M. and Ryu, Y. and Sonnentag, O. and Toomey, M.},
  title = {Climate change, phenology, and phenological control of vegetation feedbacks to the climate system},
  journal = {Agricultural and Forest Meteorology}
}

@article{Xia2015,
  doi = {10.1073/pnas.1413090112},
  year = 2015,
  volume = {112},
  number = {9},
  pages = {2788--2793},
  author = {Xia, J. and Niu, S. and Ciais, P. and Janssens, I. A. and Chen, J. and Ammann, C. and Arain, A. and Blanken, P. D. and Cescatti, A. and Bonal, D. and Buchmann, N. and Curtis, P. S. and Chen, S. and Dong, J. and Flanagan, L. B. and Frankenberg, C. and Georgiadis, T. and Gough, C. M. and Hui, D. and Kiely, G. and Li, J. and Lund, M. and Magliulo, V. and Marcolla, B. and Merbold, L. and Montagnani, L. and Moors, E. J. and Olesen, J. E. and Piao, S. and Raschi, A. and Roupsard, O. and Suyker, A. E. and Urbaniak, M. and Vaccari, F. P. and Varlagin, A. and Vesala, T. and Wilkinson, M. and Weng, E. and Wohlfahrt, G. and Yan, L. and Luo, Y.},
  title = {Joint control of terrestrial gross primary productivity by plant phenology and physiology},
  journal = {Proceedings of the National Academy of Sciences}
}

@article{Stockli2011,
  doi = {10.1029/2010jg001545},
  year = 2011,
  volume = {116},
  number = {G3},
  author = {St\"{o}ckli, R. and Rutishauser, T. and Baker, I. and Liniger, M. A. and Denning, A. S.},
  title = {A global reanalysis of vegetation phenology},
  journal = {Journal of Geophysical Research}
}

@article{Reich1995,
  doi = {10.1139/b95-020},
  year = 1995,
  volume = {73},
  number = {2},
  pages = {164--174},
  author = {Reich, P. B.},
  title = {Phenology of tropical forests: Patterns, causes, and consequences},
  journal = {Canadian Journal of Botany}
}
@article{Stan2019,
  doi = {10.3390/f10050443},
  year = 2019,
  volume = {10},
  number = {5},
  pages = {443},
  author = {Stan, K. and Sanchez-Azofeifa, A.},
  title = {Tropical dry forest diversity, climatic response, and resilience in a changing climate},
  journal = {Forests}
}
@article{Dahlin2016,
  doi = {10.1111/ecog.02443},
  year = 2016,
  volume = {40},
  number = {2},
  pages = {314--323},
  author = {Dahlin, K. M. and Del Ponte, D. and Setlock, E. and Nagelkirk, R.},
  title = {Global patterns of drought deciduous phenology in semi-arid and savanna-type ecosystems},
  journal = {Ecography}
}

@article{Whitley2017,
  doi = {10.5194/bg-14-4711-2017},
  year = 2017,
  volume = {14},
  number = {20},
  pages = {4711--4732},
  author = {Whitley, R. and Beringer, J. and Hutley, L. B. and Abramowitz, G. and De Kauwe, M. G. and Evans, B. and Haverd, V. and Li, L. and Moore, C. and Ryu, Y. and Scheiter, S. and Schymanski, S. J. and Smith, B. and Wang, Y. and Williams, M. and Yu, Q.},
  title = {Challenges and opportunities in land surface modelling of savanna ecosystems},
  journal = {Biogeosciences}
}
@article{Prather2012,
  doi = {10.1111/brv.12002},
  year = 2012,
  volume = {88},
  number = {2},
  pages = {327--348},
  author = {Prather, C. M. and Pelini, S. L. and Laws, A. and Rivest, E. and Woltz, M. and Bloch, C. P. and Del Toro, I. and Ho, C. and Kominoski, J. and Newbold, T. A. S. and Parsons, S. and Joern, A.},
  title = {Invertebrates, ecosystem services and climate change},
  journal = {Biological Reviews}
}
@article{Velasque2016,
  doi = {10.1111/een.12317},
  year = 2016,
  volume = {41},
  number = {4},
  pages = {421--430},
  author = {Velasque, M. and Del-Claro, K.},
  title = {Host plant phenology may determine the abundance of an ecosystem engineering herbivore in a tropical savanna},
  journal = {Ecological Entomology}
}

@article{Broadhead2003,
  doi = {10.1016/s0378-1127(02)00602-3},
  year = 2003,
  volume = {180},
  number = {1-3},
  pages = {61--73},
  author = {Broadhead, J. S. and Ong, C. K. and Black, C. R.},
  title = {Tree phenology and water availability in semi-arid agroforestry systems},
  journal = {Forest Ecology and Management}
}
@article{Sjostrom2011,
  doi = {10.1016/j.rse.2010.12.013},
  year = 2011,
  volume = {115},
  number = {4},
  pages = {1081--1089},
  author = {Sj\"{o}str\"{o}m, M. and Ard\"{o}, J. and Arneth, A. and Boulain, N. and Cappelaere, B. and Eklundh, L. and de Grandcourt, A. and Kutsch, W. L. and Merbold, L. and Nouvellon, Y.},
  title = {Exploring the potential of {MODIS} {EVI} for modeling gross primary production across African ecosystems},
  journal = {Remote Sensing of Environment}
}
@article{Jost2007,
  author = {Jost, L.},
  title = {Partitioning diversity into independent alpha and beta components},
  year = 2007,
  journal = {Ecology},
  volume = {88},
  number = {10},
  pages = {2427--2439},
  DOI = {10.1890/06-1736.1}
}
@book{Zuur2009,
  author = {Zuur, A. and Ieno, E. N. and Walker, N. and Saveliev, A. A. and Smith, G. M.},
  title = {Mixed effects models and extensions in ecology with {R}},
  year = 2009,
  publisher = {Springer},
  address = {New York NY, USA}
}
@article{Guan2014,
  doi = {10.1002/2013jg002572},
  year = 2014,
  volume = {119},
  number = {8},
  pages = {1652--1669},
  author = {Guan, K. and Wood, E. F. and Medvigy, D. and Kimball, J. and Pan, M. and Caylor, K. K. and Sheffield, J. and Xu, C. and Jones, M. O.},
  title = {Terrestrial hydrological controls on land surface phenology of African savannas and woodlands},
  journal = {Journal of Geophysical Research: Biogeosciences}
}
@article{Jost2010,
  doi = {10.3390/d2020207},
  year = 2010,
  volume = {2},
  number = {2},
  pages = {207--232},
  author = {Jost, L.},
  title = {The relation between evenness and diversity},
  journal = {Diversity}
}
@article{Higgins2011,
  doi = {10.1111/j.1365-2699.2011.02549.x},
  year = 2011,
  volume = {38},
  number = {11},
  pages = {2165--2175},
  author = {Higgins, S. I. and Delgado-Cartay, M. D. and February, E. C. and Combrink, H. J.},
  title = {Is there a temporal niche separation in the leaf phenology of savanna trees and grasses?},
  journal = {Journal of Biogeography}
}
@article{Archibald2007,
  doi = {10.1111/j.1654-1103.2007.tb02572.x},
  year = 2007,
  volume = {18},
  number = {4},
  pages = {583--594},
  author = {Archibald, S. and Scholes, R. J.},
  title = {Leaf green-up in a semi-arid African savanna -separating tree and grass responses to environmental cues},
  journal = {Journal of Vegetation Science}
}
@article{Whitecross2017,
  doi = {10.1016/j.sajb.2016.09.003},
  year = 2017,
  volume = {108},
  pages = {29--40},
  author = {Whitecross, M. A. and Witkowski, E. T. F. and Archibald, S.},
  title = {Savanna tree-grass interactions: A phenological investigation of green-up in relation to water availability over three seasons},
  journal = {South African Journal of Botany}
}
@article{Ryan2017,
  doi = {10.1111/nph.14262},
  year = 2017,
  volume = {213},
  number = {2},
  pages = {625--633},
  author = {Ryan, C. M. and Williams, M. and Grace, J. and Woollen, E. and Lehmann, C. E. R.},
  title = {Pre-rain green-up is ubiquitous across southern tropical Africa: implications for temporal niche separation and model representation},
  journal = {New Phytologist}
}
@article{Gallinat2015,
  doi = {10.1016/j.tree.2015.01.004},
  year = 2015,
  volume = {30},
  number = {3},
  pages = {169--176},
  author = {Gallinat, A. S. and Primack, R. B. and Wagner, D. L.},
  title = {Autumn, the neglected season in climate change research}
}
@article{Reich1992,
  doi = {10.2307/2937116},
  year = 1992,
  volume = {62},
  number = {3},
  pages = {365--392},
  author = {Reich, P. B. and Walters, M. B. and Ellsworth, D. S.},
  title = {Leaf life-span in relation to leaf, plant, and stand characteristics among diverse ecosystems}
}
@article{Zani2020,
  doi = {10.1126/science.abd8911},
  year = 2020,
  volume = {370},
  number = {6520},
  pages = {1066--1071},
  author = {Zani, D. and Crowther, T. W. and Mo, L. and Renner, S. S. and Zohner, C. M.},
  title = {Increased growing-season productivity drives earlier autumn leaf senescence in temperate trees}
}
@article{Curtis2000,
  doi = {10.1093/wjaf/15.3.137},
  year = 2000,
  volume = {15},
  number = {3},
  pages = {137--139},
  author = {Robert O. Curtis and David D. Marshall},
  title = {Technical Note: Why Quadratic Mean Diameter?}
}
@article{Faith1987,
  doi = {10.1007/bf00038687},
  year = {1987},
  volume = {69},
  number = {1-3},
  pages = {57--68},
  author = {Daniel P. Faith and Peter R. Minchin and Lee Belbin},
  title = {Compositional dissimilarity as a robust measure of ecological distance},
  journal = {Vegetatio}
}
@article{Lasky2016,
  doi = {10.1088/1748-9326/11/11/115003},
  year = 2016,
  volume = {11},
  number = {11},
  pages = {115003},
  author = {Jesse R Lasky and Mar{\'{\i}}a Uriarte and Robert Muscarella},
  title = {Synchrony, compensatory dynamics, and the functional trait basis of phenological diversity in a tropical dry forest tree community: effects of rainfall seasonality}
}
@article{Michelson2017,
	doi = {10.1111/ppl.12593},
	year = 2017,
	volume = {162},
	number = {1},
	pages = {123--134},
	author = {Ingrid H. Michelson and P√§r K. Ingvarsson and Kathryn M. Robinson and Erik Edlund and Maria E Eriksson and Ove Nilsson and Stefan Jansson},
	title = {Autumn senescence in aspen is not triggered by day length}
}
@article{Escamilla2020,
	doi = {10.1016/j.agrformet.2020.107908},
	year = 2020,
	volume = {284},
	pages = {107908},
	author = {Homero G{\'{a}}rate-Escamilla and Craig C. Brelsford and Arndt Hampe and T. Matthew Robson and Marta Benito Garz{\'{o}}n},
	title = {Greater capacity to exploit warming temperatures in northern populations of European beech is partly driven by delayed leaf senescence}
}
@article{Zhou2020,
	doi = {10.1111/nph.16613},
	year = 2020,
	volume = {227},
	number = {5},
	pages = {1350--1361},
	author = {Yong Zhou and Benjamin J. Wigley and Madelon F. Case and Corli Coetsee and Ann Carla Staver},
	title = {Rooting depth as a key woody functional trait in savannas}
}
@article{Yu2015,
	doi = {10.1111/nph.13431},
	year = 2015,
	volume = {207},
	number = {4},
	pages = {1038--1051},
	author = {Kailiang Yu and Paolo D{\textquotesingle}Odorico},
	title = {Hydraulic lift as a determinant of tree{\textendash}grass coexistence on savannas}
}
@article{Domec2010,
	doi = {10.1111/j.1469-8137.2010.03245.x},
	year = 2010,
	volume = {187},
	number = {1},
	pages = {171--183},
	author = {Jean-Christophe Domec and John S. King and Asko Noormets and Emrys Treasure and Michael J. Gavazzi and Ge Sun and Steven G. McNulty},
	title = {Hydraulic redistribution of soil water by roots affects whole-stand evapotranspiration and net ecosystem carbon exchange}
}
@article{Bodegom2011,
	doi = {10.1111/j.1466-8238.2011.00717.x},
	year = 2011,
	volume = {21},
	number = {6},
	pages = {625--636},
	author = {P. M. Van Bodegom and J. C. Douma and J. P. M. Witte and J. C. Ordo{\~{n}}ez and R. P. Bartholomeus and R. Aerts},
	title = {Going beyond limitations of plant functional types when predicting global ecosystem-atmosphere fluxes: exploring the merits of traits-based approaches}
}

@article{Panzou2020,
	doi = {10.1111/geb.13231},
	year = 2020,
	volume = {30},
	number = {2},
	pages = {459--475},
	author = {Grace Jopaul Loubota Panzou and Adeline Fayolle and Tommaso Jucker and Oliver L. Phillips and Stephanie Bohlman and Lindsay F. Banin and Simon L. Lewis and Kofi Affum-Baffoe and Luciana F. Alves and C{\'{e}}cile Antin and Eric Arets and Luzmila Arroyo and Timothy R. Baker and Nicolas Barbier and Hans Beeckman and Uta Berger and Yannick Enock Bocko and Frans Bongers and Sam Bowers and Thom Brade and Eduardo S. Brondizio and Arthur Chantrain and Jerome Chave and Halidou Compaore and David Coomes and Adama Diallo and Arildo S. Dias and Kangb{\'{e}}ni Dimobe and Gloria Djaney Djagbletey and Tomas Domingues and Jean-Louis Doucet and Thomas Drouet and Eric Forni and John L. Godlee and Rosa C. Goodman and Sylvie Gourlet-Fleury and Fidele Hien and Yoshiko Iida and Bhely Angoboy Ilondea and Jonathan Ilunga Muledi and Pierre Jacques and Shem Kuyah and Jorge L{\'{o}}pez-Portillo and Jean Jo√´l Loumeto and Ben Hur Marimon-Junior and Beatriz Schwantes Marimon and Sylvanus Mensah and Edward T. A. Mitchard and Glenn R. Moncrieff and Ayyappan Narayanan and Sean T. O'Brien and Korotimi Ouedraogo and Michael W. Palace and Raphael Pelissier and Pierre Ploton and Lourens Poorter and Casey M. Ryan and Gustavo Saiz and Karin Santos and Michael Schlund and Giacomo Sellan and Bonaventure Sonke and Frank Sterck and Quentin Thibaut and Yorick Van Hoef and Elmar Veenendaal and Alejandra G. Vovides and Yaozhan Xu and Tze Leong Yao and Ted R. Feldpausch},
	editor = {Andrew Kerkhoff},
	title = {Pantropical variability in tree crown allometry}
}
@article{Ahlstrom2015,
  doi = {10.1126/science.aaa1668},
  year = 2015,
  volume = {348},
  number = {6237},
  pages = {895--899},
  author = {Ahlstrom, A. and Raupach, M. R. and Schurgers, G. and Smith, B. and Arneth, A. and Jung, M. and Reichstein, M. and Canadell, J. G. and Friedlingstein, P. and Jain, A. K. and Kato, E. and Poulter, B. and Sitch, S. and Stocker, B. D. and Viovy, N. and Wang, Y. P. and Wiltshire, A. and Zaehle, S. and Zeng, N.},
  title = {The dominant role of semi-arid ecosystems in the trend and variability of the land {CO}2 sink},
  journal = {Science}
}
@article{Wigley2016,
	doi = {10.1111/1365-2745.12598},
	year = 2016,
	volume = {104},
	number = {5},
	pages = {1357--1369},
	author = {Benjamin J. Wigley and Jasper A. Slingsby and Sandra D{\'{i}}az and William J. Bond and Herv{\'{e}} Fritz and Corli Coetsee},
	editor = {Will Cornwell},
	title = {Leaf traits of African woody savanna species across climate and soil fertility gradients: evidence for conservative versus acquisitive resource-use strategies},
	journal = {Journal of Ecology}
}
@article{Helman2018,
	doi = {10.1016/j.scitotenv.2017.07.237},
	year = 2018,
	volume = {618},
	pages = {665--673},
	author = {David Helman},
	title = {Land surface phenology: What do we really `see' from space?},
	journal = {Science of The Total Environment}
}
@article{Peng2017,
	doi = {10.1016/j.agrformet.2017.04.009},
	year = 2017,
	volume = {242},
	pages = {33--46},
	author = {Dailiang Peng and Xiaoyang Zhang and Chaoyang Wu and Wenjiang Huang and Alemu Gonsamo and Alfredo R. Huete and Kamel Didan and Bin Tan and Xinjie Liu and Bing Zhang},
	title = {Intercomparison and evaluation of spring phenology products using National Phenology Network and {AmeriFlux} observations in the contiguous United States},
	journal = {Agricultural and Forest Meteorology}
}
@article{Ferijal2022,
	doi = {10.1007/s00704-021-03917-1},
	year = 2022,
	volume = {148},
	number = {1-2},
	pages = {91--104},
	author = {Teuku Ferijal and Okke Batelaan and Margaret Shanafield and Furqon Alfahmi},
	title = {Determination of rainy season onset and cessation based on a flexible driest period},
	journal = {Theoretical and Applied Climatology}
}
@article{Godlee2021,
  author = {Godlee, John L. and Ryan, Casey M. and Bauman, David and Bowers, Samuel J. and Carreiras, Joao M. B. and Chisingui, Antonio Valter and Cromsigt, Joris P. G. M. and Druce, Dave J. and Finckh, Manfred and Gon√ßalves, Francisco Maiato and Holdo, Ricardo M. and Makungwa, Steve and McNicol, Iain M. and Mitchard, Edward T. A. and Muchawona, Anderson and Revermann, Rasmus and Ribeiro, Natasha Sofia and Siampale, Abel and Syampungani, Stephen and Tchamba, Jos√© Jo√£o and Tripathi, Hemant G. and Wallenfang, Johannes and te Beest, Mariska and Williams, Mathew and Dexter, Kyle G.},
  year = 2021,
  doi = {10.1111/nph.17639},
  journaltitle = {New Phytologist},
  number = {2},
  pages = {579--594},
  title = {Structural diversity and tree density drives variation in the biodiversity-ecosystem function relationship of woodlands and savannas},
  volume = {232},
}
@manual{Gray2022,
  author = {Gray, J. and Sulla-Menashe, D. and Friedl, M. A.},
  year = 2022,
  note = {Accessed: 2023-03-01},
  title = {User Guide to Collection 6.1 MODIS Land Cover Dynamics (MCD12Q2) Product},
  url = {https://lpdaac.usgs.gov/documents/1417/MCD12Q2_User_Guide_V61.pdf},
}
@article{Mupangwa2011,
	doi = {10.1016/j.jaridenv.2011.05.011},
	year = 2011,
	volume = {75},
	number = {11},
	pages = {1097--1104},
	author = {W. Mupangwa and S. Walker and S. Twomlow},
	title = {Start, end and dry spells of the growing season in semi-arid southern Zimbabwe},
	journal = {Journal of Arid Environments}
}

@article{Segele2005,
	doi = {10.1007/s00703-005-0127-x},
	year = 2005,
	volume = {89},
	number = {1-4},
	pages = {153--180},
	author = {Z. T. Segele and P. J. Lamb},
	title = {Characterization and variability of Kiremt rainy season over Ethiopia},
	journal = {Meteorology and Atmospheric Physics}
}
@article{Stern1981,
	doi = {10.1002/joc.3370010107},
	year = 1981,
	volume = {1},
	number = {1},
	pages = {59--68},
	author = {R. D. Stern and M. D. Dennett and D. J. Garbutt},
	title = {The start of the rains in West Africa},
	journal = {Journal of Climatology}
}
@article{Tadross2005,
	doi = {10.1175/jcli3423.1},
	year = 2005,
	volume = {18},
	number = {16},
	pages = {3356--3372},
	author = {M. A. Tadross and B. C. Hewitson and M. T. Usman},
	title = {The Interannual Variability of the Onset of the Maize Growing Season over South Africa and Zimbabwe},
	journal = {Journal of Climate}
}
@book{White1983,
  author = {White, F.},
  location = {Paris, France},
  publisher = {UNESCO},
  year = 1983,
  doi = {http://dx.doi.org/10.2307/2260340},
  title = {The Vegetation of {Africa}: {A} descriptive memoir to accompany the {UNESCO} / {AETFAT} / {UNSO} vegetation map of {Africa}},
}

